@book{ism-1,
    title={Statistics for Data Scientists: An Introduction to Probability, Statistics, and Data Analysis},
    series={Undergraduate Topics in Computer Science},
    author={{Maurits Kaptein and Edwin van den Heuvel}},
    year={2022},
    publisher={Springer},
}

@book{ism-2,
    title={Probability and Statistics for Engineering and the Sciences},
    series={},
    author={{Jay Devore}},
    year={2012},
    publisher={Cengage},
}

@book{mfml-1,
    title={MATHEMATICS FOR MACHINE LEARNING},
    series={Studies in Natural Language Processing},
    author={{Marc Peter Deisenroth, A. Aldo Faisal, Cheng Soon Ong}},
    year={2020},
    publisher={Cambridge University Press},
    url={https://drive.google.com/file/d/1JS4tlbMRYv8oHYrLgISR_NV9y6-_2j5h/view},
}


@book{nlp-1,
    title={Speech and Language Processing: An Introduction to Natural Language Processing, Computational Linguistics and Speech Recognition},
    series={},
    author={{James H. Martin, Daniel Jurafsky}},
    year={2013},
    publisher={Pearson Education India},
    url={https://drive.google.com/file/d/14x7oawk84MPvBV7MEU7Q6ovVudMfUHBA/view}
}

@book{dnn-1,
    title={Dive into Deep Learning},
    series={},
    author={{Aston Zhang}},
    year={2024},
    publisher={Cambridge University Press},
}

@book{drl-1,
    title={Reinforcement Learning: An Introduction (Adaptive Computation and Machine Learning series)},
    series={},
    author={{Richard S. Sutton, Andrew G. Barto, Francis Bach}},
    year={2018},
    publisher={MIT Press},
}

@book{nlp-Thinking-like-a-Linguist,
    author={{Jordan B. Sandoval, Kristin E. Denham}},
    title={Thinking like a Linguist: An Introduction to the Science of Language},
    publisher={Cambridge University Press},
    year={2021}, 
}

@book{ir-1,
    author={{C. D. Manning, P. Raghavan and H. Schutze}},
    title={Introduction to Information Retrieval},
    publisher={Cambridge University Press},
    year={2009}
}

%%%%%%%%%%%%%%  BITS Materials  %%%%%%%%%%%%%%%%%

@online{bits-pilani-slides,title={BITS Pilani: Materials shared by lecturers}}


%%%%%%%%%%%%%%%%%%%%%%%%%%%%%%%%%%%%%%%%%%%%%
%              GENERIC LINKS
%%%%%%%%%%%%%%%%%%%%%%%%%%%%%%%%%%%%%%%%%%%%%

@online{chatgpt,title={OpenAI: ChatGPT},url={https://chatgpt.com/}}

%%%%%%%%%%%%%%%%%%%%%%%%%%%%%%%%%%%%%%%%%%%%
%                  ARXIV
%%%%%%%%%%%%%%%%%%%%%%%%%%%%%%%%%%%%%%%%%%%%

@online{arxiv-1904.07272,title={Arxiv: Introduction to Multi-Armed Bandits},url={https://arxiv.org/abs/1904.07272}}
@online{arxiv-2010.15327,title={Arxiv: DO WIDE AND DEEP NETWORKS LEARN THE SAME THINGS? UNCOVERING HOW NEURAL NETWORK REPRESENTATIONS VARY WITH WIDTH AND DEPTH},url={https://arxiv.org/abs/2010.15327}}
@online{arxiv-2304.00803,title={Arxiv: A Tutorial Introduction to Reinforcement Learning},url={https://arxiv.org/abs/2304.00803}}
@online{arxiv-2405.04048,title={Arxiv: Philosophy of Cognitive Science in the Age of Deep Learning},url={https://arxiv.org/abs/2405.04048}}
@online{arxiv-1409.1556,url={https://arxiv.org/abs/1409.1556},title={Arxiv: Very Deep Convolutional Networks for Large-Scale Image Recognition}}



%%%%%%%%%%%%%%%%%%%%%%%%%%%%%%%%%%%%%%%%%%%
%               RESEARCH GATE
%%%%%%%%%%%%%%%%%%%%%%%%%%%%%%%%%%%%%%%%%%%

@online{researchgate/47397195_A_Taxonomy_of_Information_Retrieval_Models_and_Tools,url={https://www.researchgate.net/publication/47397195_A_Taxonomy_of_Information_Retrieval_Models_and_Tools},title={ResearchGate: A Taxonomy of Information Retrieval Models and Tools}}
@online{researchgate.net/267960550_ImageNet_Classification_with_Deep_Convolutional_Neural_Networks,url={https://www.researchgate.net/publication/267960550_ImageNet_Classification_with_Deep_Convolutional_Neural_Networks},title={ResearchGate: ImageNet Classification with Deep Convolutional Neural Networks}}







%%%%%%%%%%%%%%%%%%%%%%%%%%%%%%%%%%%%%%%%%%%
%                   IEEE
%%%%%%%%%%%%%%%%%%%%%%%%%%%%%%%%%%%%%%%%%%%

@online{ieee/726791/cnn-lenet,url={https://ieeexplore.ieee.org/document/726791},title={IEEE: Gradient-based learning applied to document recognition}}









%%%%%%%%%%%%%%%%%%%%%%%%%%%%%%%%%%%%%%%%%%%%
%              WIKIPEDIA
%%%%%%%%%%%%%%%%%%%%%%%%%%%%%%%%%%%%%%%%%%%%

@online{wiki-activation-fn,title={Wikipedia: Activation Function},url={https://en.wikipedia.org/wiki/Activation_function}}
@online{wiki-ann,title={Wikipedia: Neural network (machine learning)},url={https://en.wikipedia.org/wiki/Neural_network_(machine_learning)}}
@online{wiki-Artificial_neuron,title={Wikipedia: Artificial neuron},url={https://en.wikipedia.org/wiki/Artificial_neuron}}
@online{wiki-bar-chart,title={Wikipedia: Bar Chart},url={https://en.wikipedia.org/wiki/Bar_chart}}
@online{wiki-character,title={Wikipedia: Character},url={https://en.wikipedia.org/wiki/Character}}
@online{wiki-Connectionism,title={Wikipedia: Connectionism},url={https://en.wikipedia.org/wiki/Connectionism}}
@online{wiki-dotplot,title={Wikipedia: Dot Plots},url={https://en.wikipedia.org/wiki/Dot_plot_(statistics)}}
@online{wiki-histogram,title={Wikipedia: Histogram},url={https://en.wikipedia.org/wiki/Histogram}}
@online{wiki-Hyperbolic_functions,title={Wikipedia: Hyperbolic functions},url={https://en.wikipedia.org/wiki/Hyperbolic_functions}}
@online{wiki-Inverse_trigonometric_functions,title={Wikipedia: Inverse trigonometric functions},url={https://en.wikipedia.org/wiki/Inverse_trigonometric_functions}}
@online{wiki-line-chart,title={Wikipedia: Line Chart},url={https://en.wikipedia.org/wiki/Line_chart}}
@online{wiki-Logistic_function,title={Wikipedia: Logistic function},url={https://en.wikipedia.org/wiki/Logistic_function}}
@online{wiki-Multilayer_perceptron,title={Wikipedia: Multilayer perceptron},url={https://en.wikipedia.org/wiki/Multilayer_perceptron}}
@online{wiki-nlp,title={Wikipedia: Natural language processing},url={https://en.wikipedia.org/wiki/Natural_language_processing}}
@online{wiki-perceptron,title={Wikipedia: Perceptron},url={https://en.wikipedia.org/wiki/Perceptron}}
@online{wiki-phone-phonetics,title={Wikipedia: Phone},url={https://en.wikipedia.org/wiki/Phone_(phonetics)}}
@online{wiki-q-q-plot,title={Wikipedia: Q–Q plot (quantile–quantile plot)},url={https://en.wikipedia.org/wiki/Q%E2%80%93Q_plot}}
@online{wiki-Rectifier,title={Wikipedia: Rectifier},url={https://en.wikipedia.org/wiki/Rectifier_(neural_networks)}}
@online{wiki-Sigmoid_function,title={Wikipedia: Sigmoid function},url={https://en.wikipedia.org/wiki/Sigmoid_function}}
@online{wiki-softmax-function,title={Wikipedia: Softmax function},url={https://en.wikipedia.org/wiki/Softmax_function}}
@online{wiki-Stem-and-leaf_display,title={Wikipedia: Stem-and-leaf display},url={https://en.wikipedia.org/wiki/Stem-and-leaf_display}}
@online{wiki-syllable,title={Wikipedia: Syllable},url={https://en.wikipedia.org/wiki/Syllable}}
@online{wiki-Trigonometric_functions,title={Wikipedia: Trigonometric functions},url={https://en.wikipedia.org/wiki/Trigonometric_functions}}
@online{wiki-word,title={Wikipedia: Word},url={https://en.wikipedia.org/wiki/Word}}
@online{wiki-phrase,title={Wikipedia: Phrase},url={https://en.wikipedia.org/wiki/Phrase}}
@online{wiki-clause,title={Wikipedia: Clause},url={https://en.wikipedia.org/wiki/Clause}}
@online{wiki-Predicate,title={Wikipedia: Predicate},url={https://en.wikipedia.org/wiki/Predicate_(grammar)}}
@online{wiki-sentence-linguistics,title={Wikipedia: Sentence (linguistics)},url={https://en.wikipedia.org/wiki/Sentence_(linguistics)}}
@online{wiki-sentence,title={Wikipedia: Sentence},url={https://simple.wikipedia.org/wiki/Sentence}}
@online{wiki-phonology,title={Wikipedia: Phonology},url={https://en.wikipedia.org/wiki/Phonology}}
@online{wiki-Conjunction,title={Wikipedia: Conjunction},url={https://simple.wikipedia.org/wiki/Conjunction}}
@online{wiki-Lemma_morphology,title={Wikipedia: Lemma (morphology)},url={https://en.wikipedia.org/wiki/Lemma_(morphology)}}
@online{wiki-word-stem,url={https://en.wikipedia.org/wiki/Word_stem},title={Wikipedia: Word Stem}}
@online{wiki-root-word,url={https://en.wikipedia.org/wiki/Root_(linguistics)},title={Wikipedia: Root Word}}
@online{wiki-word-sense,url={https://en.wikipedia.org/wiki/Word_sense},title={Wikipedia: Word Sense}}
@online{wiki-noun,url={https://en.wikipedia.org/wiki/Noun},title={Wikipedia: Noun}}
@online{wiki-pronoun,url={https://en.wikipedia.org/wiki/Pronoun},title={Wikipedia: Pronoun}}
@online{wiki-adjective,url={https://en.wikipedia.org/wiki/Adjective},title={Wikipedia: Adjective}}
@online{wiki-eng-adjective,url={https://en.wikipedia.org/wiki/English_adjectives},title={Wikipedia: English Adjective}}
@online{wiki-verb,url={https://en.wikipedia.org/wiki/Verb},title={Wikipedia: Verb}}
@online{wiki-eng-verb,url={https://en.wikipedia.org/wiki/English_verbs},title={Wikipedia: English Verb}}
@online{wiki-adverb,url={https://en.wikipedia.org/wiki/Adverb},title={Wikipedia: Adverb}}
@online{wiki-English_prepositions,url={https://en.wikipedia.org/wiki/English_prepositions},title={Wikipedia: English prepositions}}
@online{wiki-n-gram,url={https://en.wikipedia.org/wiki/N-gram},title={Wikipedia: N-gram}}
@online{wiki-lenet,url={https://en.wikipedia.org/wiki/LeNet},title={Wikipedia: LeNet}}
@online{wiki-AlexNet,url={https://en.wikipedia.org/wiki/AlexNet},title={Wikipedia: AlexNet}}

%%%%%%%%%%%%%%%%%%%%%%%%%%%%%%%%%%%%%%%%%%%%%%%%%
%                    GFG
%%%%%%%%%%%%%%%%%%%%%%%%%%%%%%%%%%%%%%%%%%%%%%%%%

@online{gfg-dynamic-programming,url={https://www.geeksforgeeks.org/dynamic-programming/},title={GFG: Dynamic Programming or DP}}}
@online{gfg-what-is-ir,url={https://www.geeksforgeeks.org/what-is-information-retrieval/},title={GFG: What is Information Retrieval?}}
@online{gfg-word-embeddings-in-nlp,url={https://www.geeksforgeeks.org/word-embeddings-in-nlp/,title={GFG: Word Embeddings in NLP}}}
@online{gfg-data-structures,url={https://www.geeksforgeeks.org/data-structures/},title={GFG: Data Structures Tutorial}}
@online{gfg-introduction-to-data-structures,url={https://www.geeksforgeeks.org/introduction-to-data-structures/},title={GFG: Introduction to Data Structures}}
@online{gfg-array-data-structure-guide,url={https://www.geeksforgeeks.org/array-data-structure-guide},title={GFG: Array Data Structure Guide}}
@online{gfg-linear-search,url={https://www.geeksforgeeks.org/linear-search/},title={GFG: Introduction to Linear Search Algorithm}}
@online{gfg-binary-search,url={https://www.geeksforgeeks.org/binary-search/},title={GFG: Binary Search Algorithm – Iterative and Recursive Implementation}}
@online{gfg-ternary-search,url={https://www.geeksforgeeks.org/ternary-search/},title={GFG: Ternary Search}}
@online{gfg-exponential-search,url={https://www.geeksforgeeks.org/exponential-search/},title={GFG: Exponential Search}}
@online{gfg-sorting-algorithms,url={https://www.geeksforgeeks.org/sorting-algorithms/},title={GFG: Sorting Algorithms}}
@online{gfg-convolutional-neural-network-cnn-in-machine-learning,url={https://www.geeksforgeeks.org/convolutional-neural-network-cnn-in-machine-learning/},title={GFG: Convolutional Neural Network (CNN) in Machine Learning}}
@online{gfg-cnn-introduction-to-pooling-layer,url={https://www.geeksforgeeks.org/cnn-introduction-to-pooling-layer/},title={GFG: CNN | Introduction to Pooling Layer}}
@online{gfg-vgg-16-cnn-model,url={https://www.geeksforgeeks.org/vgg-16-cnn-model/},title={GFG: VGG-16 | CNN model}}






%%%%%%%%%%%%%%%%%%%%%%%%%%%%%%%%%%%%%%%%%%%%%%%%%
%                    MEDIUM
%%%%%%%%%%%%%%%%%%%%%%%%%%%%%%%%%%%%%%%%%%%%%%%%%

@online{medium-perceptron-learning-algorithm,title={Medium: perceptron learning algorithm},url={https://towardsdatascience.com/perceptron-learning-algorithm-d5db0deab975}}

@online{medium-numsmt2-rl-ch1-part-1,title={Medium: Reinforcement Learning Chapter 1: An Introduction to RL},url={https://medium.com/@numsmt2/reinforcement-learning-part-1-an-introduction-to-rl-ec5b98c4144c}}

@online{medium-numsmt2-rl-ch2-part-1,title={Medium: Reinforcement Learning Chapter 2: Multi-Armed Bandits (Part 1 — Introduction)},url={https://medium.com/@numsmt2/reinforcement-learning-chapter-2-multi-armed-bandits-part-1-e1d07358b39}}
@online{medium-numsmt2-rl-ch2-part-2,title={Medium: Reinforcement Learning Chapter 2: Multi-Armed Bandits (Part 2 — Action Value Methods)},url={https://medium.com/@numsmt2/reinforcement-learning-chapter-2-multi-armed-bandits-part-2-action-value-methods-85accf4766}}
@online{medium-numsmt2-rl-ch2-part-3,title={Medium: Reinforcement Learning Chapter 2: Multi-Armed Bandits (Part 3 — Nonstationary Rewards)},url={https://medium.com/@numsmt2/reinforcement-learning-chapter-2-multi-armed-bandits-part-3-nonstationary-problems-5dae437e13c2}}
@online{medium-numsmt2-rl-ch2-part-4,title={Medium: Reinforcement Learning Chapter 2: Multi-Armed Bandits (Part 4 — Upper-Confidence-Bound Action Selection)},url={https://medium.com/@numsmt2/reinforcement-learning-chapter-2-multi-armed-bandits-part-4-upper-confidence-bound-action-589213a8a722}}
@online{medium-numsmt2-rl-ch2-part-5,title={Medium: Reinforcement Learning Chapter 2: Multi-Armed Bandits (Part 5 — Gradient Bandit Algorithms)},url={https://medium.com/@numsmt2/reinforcement-learning-chapter-2-multi-armed-bandits-part-5-gradient-bandit-algorithms-1af59d4c544c}}
@online{medium-numsmt2-rl-ch2-part-6,title={Medium: Reinforcement Learning Chapter 2: Multi-Armed Bandits (Part 6 — Associative Search)},url={https://medium.com/@numsmt2/reinforcement-learning-chapter-2-multi-armed-bandits-part-6-associative-search-7f55ec7b74d}}


@online{medium-levels-in-natural-language-processing-nlp,url={https://bhargavjoshi55.medium.com/levels-in-natural-language-processing-nlp-8e1ddc1cfd1a},title={Medium: Levels in Natural Language Processing (NLP)}}

@online{medium-introduction-to-reinforcement-learning-rl-part-3-finite-markov-decision-processes-51e1f8d3ddb7,url={https://towardsdatascience.com/introduction-to-reinforcement-learning-rl-part-3-finite-markov-decision-processes-51e1f8d3ddb7},title={Medium: Finite Markov Decision Processes}}

@online{medium-Kaushik_Dayalan/bellman-equation-value-functions-reinforcement-learning-b8a0a1cad84f,url={https://medium.com/@Kaushik_Dayalan/bellman-equation-value-functions-reinforcement-learning-b8a0a1cad84f},title={Medium: Bellman Equation, Value Functions: Reinforcement Learning}}

@online{medium/towardsdatascience.com/introduction-to-reinforcement-learning-rl-part-4-dynamic-programming-6af57e575b3d,url={https://towardsdatascience.com/introduction-to-reinforcement-learning-rl-part-4-dynamic-programming-6af57e575b3d},title={Medium: Dynamic Programming}}

@online{medium/nerd-for-tech/monte-carlo-methods-for-reinforcement-learning-d30d874dd817,url={https://medium.com/nerd-for-tech/monte-carlo-methods-for-reinforcement-learning-d30d874dd817},title={Medium: Monte Carlo Methods for Reinforcement Learning}}


@online{medium/lenet-5-complete-architecture-84c6d08215f9,url={https://medium.com/codex/lenet-5-complete-architecture-84c6d08215f9},title={Medium: LeNet-5 Complete Architecture}}

@online{medium/@siddheshb008/alexnet-architecture-explained-b6240c528bd5,url={https://medium.com/@siddheshb008/alexnet-architecture-explained-b6240c528bd5},title={Medium: AlexNet Architecture Explained}}


%%%%%%%%%%%%%%%%%%%%%%%%%%%%%%%%%%%%%%%%%%%%%%%%%
%                  KAGGLE
%%%%%%%%%%%%%%%%%%%%%%%%%%%%%%%%%%%%%%%%%%%%%%%%%
@online{kaggle-parsasam-reinforcement-learning-notes-multi-armed-bandits,url={https://www.kaggle.com/code/parsasam/reinforcement-learning-notes-multi-armed-bandits},title={Kaggle: Reinforcement Learning Notes: Multi-armed Bandits}}



%%%%%%%%%%%%%%%      BYJUS         %%%%%%%%%%%%%%%%%%

@online{byjus-english-types-of-adverbs,url={https://byjus.com/english/types-of-adverbs/},title={Byjus: Types of adverbs}}
@online{byjus-english-prepositions,url={https://byjus.com/english/prepositions/},title={Byjus: Prepositions}}


%%%%%%%%%%%%%%%%%%%%%%%%%%%%%%%%%%%%%%%%%%%%%%%%%
%                    other links
%%%%%%%%%%%%%%%%%%%%%%%%%%%%%%%%%%%%%%%%%%%%%%%%%


@online{mit-imbalance-outliers-shift,title={MIT: Class Imbalance, Outliers, and Distribution Shift},url={https://dcai.csail.mit.edu/2024/imbalance-outliers-shift/}}

@online{umich-teneket-MAB,title={Chapter 6: MULTI-ARMED BANDIT PROBLEMS},url={https://web.eecs.umich.edu/~teneket/pubs/MAB-Survey.pdf}}

@online{pracownik-structural_ambiguity,title={Structural ambiguity in English word-formation},url={https://pracownik.kul.pl/files/11463/public/structural_ambiguity.pdf}}

@online{baeldung/cs/ml-value-iteration-vs-policy-iteration,url={https://www.baeldung.com/cs/ml-value-iteration-vs-policy-iteration},title={Baeldung: Value Iteration vs. Policy Iteration in Reinforcement Learning}}

@online{redirect.cs.umbc.edu/courses/graduate/678/fall21/RL05,url={https://redirect.cs.umbc.edu/courses/graduate/678/fall21/RL05.pdf},title={EndToEnd.ai: Chapter 5: Monte Carlo Methods},author={{Seungjae Ryan Lee}}}

@online{pytorch-Linear,url={https://pytorch.org/docs/stable/generated/torch.nn.Linear.html},title={PyTorch: Linear}}































